<?xml version="1.0" encoding="UTF-8"?><collection xmlns="http://www.loc.gov/MARC21/slim"><record><leader>00481nam--2200169-u-4500</leader><controlfield tag="001">000051361</controlfield><controlfield tag="002">20161230</controlfield><controlfield tag="005">20161230201049</controlfield><controlfield tag="008">080704s1000------------r-----000-0-eng-d</controlfield><datafield ind1=" " ind2=" " tag="040"><subfield code="a">IFIN-HH</subfield></datafield><datafield ind1=" " ind2=" " tag="080"><subfield code="a">517.95</subfield></datafield><datafield ind1="1" ind2=" " tag="100"><subfield code="a">Salakhitdinov, M.S.(red.)</subfield></datafield><datafield ind1="1" ind2="0" tag="245"><subfield code="a">Pryamye i Obratnye Zadachi dlya Differentsialnykh Uravnenii s Chasthymi Proizvodnymi i ikh Prilozheniya</subfield></datafield><datafield ind1=" " ind2=" " tag="260"><subfield code="a">Tashkent</subfield><subfield code="b">Fan</subfield><subfield code="c">1978</subfield></datafield><datafield ind1=" " ind2=" " tag="300"><subfield code="a">187 p</subfield></datafield><datafield ind1=" " ind2=" " tag="852"><subfield code="a">47331</subfield><subfield code="c">517</subfield></datafield><datafield ind1=" " ind2=" " tag="CAT"><subfield code="a">Sys</subfield><subfield code="c">20080704</subfield><subfield code="h">085820</subfield></datafield></record></collection>